@article{Otra_Coorporativa,
author = {Briñón-Arranz, Lara and Seuret, Alexandre and Canudas-de-Wit, Carlos},
year = {2014},
month = {08},
pages = {2283-2288},
title = {Cooperative Control Design for Time-Varying Formations of Multi-Agent Systems},
volume = {59},
journal = {Automatic Control, IEEE Transactions on},
doi = {10.1109/TAC.2014.2303213}
}

@inproceedings{Control_Formacion,
author = {Garcia de Marina, Hector and Sun, Zhiyong and Bronz, Murat and Hattenberger, Gautier},
year = {2017},
month = {09},
pages = {},
title = {Circular formation control of fixed-wing UAVs with constant speeds},
doi = {10.1109/IROS.2017.8206422}
}

@misc{Aplicaciones_Militares,
  author = {UNIDIR},
  title = {Swarm Robotics: Technical and Operational Overview of the Next Generation of Autonomous Systems},
  howpublished = {\url{https://unidir.org/publication/swarm-robotics-technical-and-operational-overview-next-generation\\
  -autonomous-systems}},
  note = {Accessed: 2021-03-20}
}

@article{Aplicacion_2,
author = {Tan, Ying and Zheng, Zhong-yang},
year = {2013},
month = {03},
pages = {},
title = {Research Advance in Swarm Robotics},
volume = {239},
journal = {Defence Technology},
doi = {10.1016/j.dt.2013.03.001}
}

@article{Aplicacion_3,
author = {Yang, Guang-Zhong and Bellingham, Jim and Dupont, Pierre and Fischer, Peer and Floridi, Luciano and Full, Robert and Jacobstein, Neil and Kumar, Vijay and McNutt, Marcia and Merrifield, Robert and Nelson, Brad and Scassellati, Brian and Taddeo, Mariarosaria and Taylor, Russell and Veloso, Manuela and Wang, Zhong and Wood, Robert},
year = {2018},
month = {01},
pages = {eaar7650},
title = {The grand challenges of Science Robotics},
volume = {3},
journal = {Science Robotics},
doi = {10.1126/scirobotics.aar7650}
}

@inproceedings{Aplicacion_4,
author = {Sahin, Erol},
year = {2005},
month = {01},
pages = {10-20},
title = {Swarm Robotics: From Sources of Inspiration to Domains of Application},
volume = {3342},
isbn = {978-3-540-24296-3},
journal = {Lect. Notes Comput. Sci.},
doi = {10.1007/978-3-540-30552-1_2}
}

@article{Estimacion_Gradiente,
author = {Briñón-Arranz, Lara and Schenato, Luca and Seuret, Alexandre},
year = {2015},
month = {05},
pages = {1-1},
title = {Distributed Source Seeking via a Circular Formation of Agents Under Communication Constraints},
volume = {3},
journal = {IEEE Transactions on Control of Network Systems},
doi = {10.1109/TCNS.2015.2428391}
}

@online{Git_Hector,
  author = {García de Marina, Héctor},
  title = {Github.},
  howpublished = {\url{https://github.com/UCM-237/pyVehicles}},
}

@article{Adicional_Estimacion_1,
author = {Briñón-Arranz, Lara and Renzaglia, Alessandro and Schenato, L.},
year = {2019},
month = {02},
pages = {},
title = {Multi-Robot Symmetric Formations for Gradient and Hessian Estimation with Application to Source Seeking},
volume = {PP},
journal = {IEEE Transactions on Robotics},
doi = {10.1109/TRO.2019.2895509}
}

@article{Base_Coorporativa,
  title={A Guiding Vector-Field Algorithm for Path-Following Control of Nonholonomic Mobile Robots},
  author={Yuri A. Kapitanyuk and A. Proskurnikov and M. Cao},
  journal={IEEE Transactions on Control Systems Technology},
  year={2018},
  volume={26},
  pages={1372-1385}
}

@online{Git__todos,
  author = {García de Marina, Héctor  and Jiménez Castellanos, Juan Francisco  and  Ardizzi Rodríguez, Ulises Alejandro},
  title = {Github.},
  howpublished = {\url{https://github.com/uardizzi/pyVehicles}},
}

@online{Imagen_Tomada,
  author = {Vavasseur, Xavier },
  title = {navalnews},
  howpublished = {\url{https://www.navalnews.com/naval-news/2019/02/eca-group-unveils-inspector-125-unsinkable-usv/}},
}